@book{nesterov2013introductory,
  title={Introductory lectures on convex optimization: A basic course},
  author={Nesterov, Yurii},
  volume={87},
  year={2013},
  publisher={Springer Science \& Business Media}
}

@article{bennett1916newton,
  title={Newton's method in general analysis},
  author={Bennett, Albert A},
  journal={Proceedings of the National Academy of Sciences of the United States of America},
  volume={2},
  number={10},
  pages={592},
  year={1916},
  publisher={National Academy of Sciences}
}

@article{nesterov1989self,
  title={Self-concordant functions and polynomial-time methods in convex programming},
  author={Nesterov, Ju E},
  journal={Report, Central Economic and Mathematic Institute, USSR Acad. Sci},
  year={1989}
}
@book{nesterov1994interior,
  title={Interior-point polynomial algorithms in convex programming},
  author={Nesterov, Yurii and Nemirovskii, Arkadii},
  year={1994},
  publisher={SIAM}
}


@article{fletcher1963rapidly,
  title={A rapidly convergent descent method for minimization},
  author={Fletcher, Roger and Powell, Michael JD},
  journal={The computer journal},
  volume={6},
  number={2},
  pages={163--168},
  year={1963},
  publisher={Oxford University Press}
}
 
@article{gao2019quasi,
  title={Quasi-Newton methods: superlinear convergence without line searches for self-concordant functions},
  author={Gao, Wenbo and Goldfarb, Donald},
  journal={Optimization Methods and Software},
  volume={34},
  number={1},
  pages={194--217},
  year={2019},
  publisher={Taylor \& Francis}
}

@article{dennis1974characterization,
  title={A characterization of superlinear convergence and its application to {quasi-Newton} methods},
  author={Dennis, John E and Mor{\'e}, Jorge J},
  journal={Mathematics of computation},
  volume={28},
  number={126},
  pages={549--560},
  year={1974}
}

@article{powell1971convergence,
  title={On the convergence of the variable metric algorithm},
  author={Powell, MJD},
  journal={IMA Journal of Applied Mathematics},
  volume={7},
  number={1},
  pages={21--36},
  year={1971},
  publisher={Oxford University Press}
}

@article{more1976global,
  title={On the global convergence of {Broyden’s} method},
  author={Mor{\'e}, Jorge J and Trangenstein, John Arthur},
  journal={Mathematics of Computation},
  volume={30},
  number={135},
  pages={523--540},
  year={1976}
}

@article{broyden1970convergence,
  title={The convergence of single-rank {quasi-Newton} methods},
  author={Broyden, Charles G},
  journal={Mathematics of Computation},
  volume={24},
  number={110},
  pages={365--382},
  year={1970}
}

@article{davidon1991variable,
  title={Variable metric method for minimization},
  author={Davidon, William C},
  journal={SIAM Journal on Optimization},
  volume={1},
  number={1},
  pages={1--17},
  year={1991},
  publisher={SIAM}
}

@techreport{davidon1959variable,
  title={Variable metric method for minimization.},
  author={Davidon, WC},
  year={1959},
  institution={Argonne National Lab., Lemont, Ill.}
}

@article{broyden1965class,
  title={A class of methods for solving nonlinear simultaneous equations},
  author={Broyden, Charles G},
  journal={Mathematics of computation},
  volume={19},
  number={92},
  pages={577--593},
  year={1965},
  publisher={JSTOR}
}

@article{gay1979some,
  title={Some convergence properties of {Broyden’s} method},
  author={Gay, David M},
  journal={SIAM Journal on Numerical Analysis},
  volume={16},
  number={4},
  pages={623--630},
  year={1979},
  publisher={SIAM}
}

@article{fletcher1970new,
  title={A new approach to variable metric algorithms},
  author={Fletcher, Roger},
  journal={The computer journal},
  volume={13},
  number={3},
  pages={317--322},
  year={1970},
  publisher={Oxford University Press}
}

@article{goldfarb1970family,
  title={A family of variable-metric methods derived by variational means},
  author={Goldfarb, Donald},
  journal={Mathematics of computation},
  volume={24},
  number={109},
  pages={23--26},
  year={1970}
}

@article{shanno1970conditioning,
  title={Conditioning of {quasi-Newton} methods for function minimization},
  author={Shanno, David F},
  journal={Mathematics of computation},
  volume={24},
  number={111},
  pages={647--656},
  year={1970}
}

@book{nocedal2006numerical,
  title={Numerical optimization},
  author={Nocedal, Jorge and Wright, Stephen},
  year={2006},
  publisher={Springer Science \& Business Media}
}

@article{nocedal1980updating,
  title={Updating quasi-{Newton} matrices with limited storage},
  author={Nocedal, Jorge},
  journal={Mathematics of computation},
  volume={35},
  number={151},
  pages={773--782},
  year={1980}
}

@book{nocedal2006numerical,
  title={Numerical optimization},
  author={Nocedal, Jorge and Wright, Stephen},
  year={2006},
  publisher={Springer Science \& Business Media}
}

@article{nesterov2006cubic,
  title={Cubic regularization of {Newton} method and its global performance},
  author={Nesterov, Yurii and Polyak, Boris T},
  journal={Mathematical Programming},
  volume={108},
  number={1},
  pages={177--205},
  year={2006},
  publisher={Springer}
}

@article{nesterov2013gradient,
  title={Gradient methods for minimizing composite functions},
  author={Nesterov, Yu},
  journal={Mathematical Programming},
  volume={140},
  number={1},
  pages={125--161},
  year={2013},
  publisher={Springer}
}

@article{conn1991convergence,
  title={Convergence of quasi-{Newton} matrices generated by the symmetric rank one update},
  author={Conn, Andrew R. and Gould, Nicholas I. M. and Toint, Ph L},
  journal={Mathematical programming},
  volume={50},
  number={1-3},
  pages={177--195},
  year={1991},
  publisher={Springer}
}

@book{conn2000trust,
  title={Trust region methods},
  author={Conn, Andrew R and Gould, Nicholas IM and Toint, Ph L},
  volume={1},
  year={2000},
  publisher={Siam}
}

@book{ortega1970iterative,
  title={Iterative solution of nonlinear equations in several variables},
  author={Ortega, James M and Rheinboldt, Werner C},
  volume={30},
  year={1970},
  publisher={Siam}
}

@article{li2001global,
  title={On the global convergence of the {BFGS} method for nonconvex unconstrained optimization problems},
  author={Li, Dong-Hui and Fukushima, Masao},
  journal={SIAM Journal on Optimization},
  volume={11},
  number={4},
  pages={1054--1064},
  year={2001}
}

@article{rodomanov2020greedy,
  title={Greedy Quasi-Newton Methods with Explicit Superlinear Convergence},
  author={Rodomanov, Anton and Nesterov, Yurii},
  journal={SIAM Journal on Optimization},
  volume={31},
  number={1},
  pages={785-811},
  year={2021},
  publisher={Society for Industrial and Applied Mathematics}
}

@article{rodomanov2020rates,
  title={Rates of Superlinear Convergence for Classical Quasi-Newton Methods},
  author={Rodomanov, Anton and Nesterov, Yurii},
  journal={Mathematical Programming},
  pages={1-32},
  year={2021},
  publisher={Springer Berlin Heidelberg}
}

@article{rodomanov2020ratesnew,
  title={New Results on Superlinear Convergence of Classical Quasi-Newton Methods},
  author={Rodomanov, Anton and Nesterov, Yurii},
  journal={Journal of Optimization Theory and Applications},
  volume={188},
  number={3},
  pages={744-769},
  year={2021},
  publisher={Springer Nature BV}
}

@article{curtis2015quasi,
  title={A quasi-{Newton} algorithm for nonconvex, nonsmooth optimization with global convergence guarantees},
  author={Curtis, Frank E and Que, Xiaocun},
  journal={Mathematical Programming Computation},
  volume={7},
  number={4},
  pages={399--428},
  year={2015}
}

@article{wang2017stochastic,
  title={Stochastic quasi-Newton methods for nonconvex stochastic optimization},
  author={Wang, Xiao and Ma, Shiqian and Goldfarb, Donald and Liu, Wei},
  journal={SIAM Journal on Optimization},
  volume={27},
  number={2},
  pages={927--956},
  year={2017}
}

@book{boyd2004convex,
 author={Boyd, Stephen and Vandenberghe, Lieven},
 title={Convex Optimization},
 year={2004},
 publisher={Cambridge University Press},
 address={New York, NY, USA}
}

@article{broyden1973quasi,
 author={C. G. Broyden and J. E. Dennis Jr. and Broyden and J. J. More},
 title={On the local and superlinear convergence of quasi-{Newton} methods},
 journal={ IMA J. Appl. Math},
 volume={12},
 number={3},
 pages={223-245},
 month={June},
 year={1973}
}

@article{qiujiang2020quasinewton1,
  title={Non-asymptotic Superlinear Convergence of Standard Quasi-Newton Methods},
  author={Jin, Qiujiang and Mokhtari, Aryan},
  journal={arXiv preprint arXiv:2003.13607},
  year={2020}
}

@article{zhangzhihua2021quasinewton1,
  title={Explicit Superlinear Convergence Rates of The SR1 Algorithm},
  author={Haishan Ye and Dachao Lin and Zhihua Zhang and Xiangyu Chang},
  journal={arXiv preprintarXiv:2105.07162},
  year={2021}
}

@article{zhangzhihua2021quasinewton2,
  title={Explicit Superlinear Convergence of Broyden's Method in Nonlinear Equations},
  author={Dachao Lin and Haishan Ye and Zhihua Zhang},
  journal={arXiv preprint arXiv:2109.01974},
  year={2021}
}

@article{zhangzhihua2021quasinewton3,
  title={Greedy and Random Quasi-Newton Methods with Faster Explicit Superlinear Convergence},
  author={Dachao Lin and Haishan Ye and Zhihua Zhang},
  journal={Advances in Neural Information Processing Systems 34},
  year={2021}
}

@article{DingNocedal,
  title={On the limited memory {BFGS} method for large scale optimization},
  author={Liu, Dong C and Nocedal, Jorge},
  journal={Mathematical programming},
  volume={45},
  number={1},
  pages={503--528},
  year={1989},
  publisher={Springer}
}
